XSym
0051
e800469aee67db220ee848470e424b1c
/Users/lwheng/Documents/BibTex Source/bibsource.bib
                                                                                                                                                                                                                                                                                                                                                                                                                                                                                                                                                                                                                                                                                                                                                                                                                                                                                                                                                                                                            