XSym
0030
e2d19dec6bff291ed873c2fbd8c0c0fd
../BibTex Source/bibsource.bib
                                                                                                                                                                                                                                                                                                                                                                                                                                                                                                                                                                                                                                                                                                                                                                                                                                                                                                                                                                                                                                 