XSym
0056
84f47496ccde2ff3dfbfb72a3403eb45
/Users/lwheng/Dropbox/Papers/BibTex Source/bibsource.bib
                                                                                                                                                                                                                                                                                                                                                                                                                                                                                                                                                                                                                                                                                                                                                                                                                                                                                                                                                                                                       