%% This BibTeX bibliography file was created using BibDesk.
%% http://bibdesk.sourceforge.net/


%% Created for Heng Low Wee at 2011-03-30 10:46:35 +0800 


%% Saved with string encoding Unicode (UTF-8) 



@article{svm,
	Acmid = {380999},
	Address = {New York, NY, USA},
	Author = {Bennett, Kristin P. and Campbell, Colin},
	Date-Added = {2011-03-30 10:46:31 +0800},
	Date-Modified = {2011-03-30 10:46:34 +0800},
	Doi = {http://doi.acm.org.libproxy1.nus.edu.sg/10.1145/380995.380999},
	Issn = {1931-0145},
	Issue = {2},
	Journal = {SIGKDD Explor. Newsl.},
	Keywords = {Support Vector Machines, kernel methods, statistical learning theory},
	Month = {December},
	Numpages = {13},
	Pages = {1--13},
	Publisher = {ACM},
	Title = {Support vector machines: hype or hallelujah?},
	Url = {http://doi.acm.org.libproxy1.nus.edu.sg/10.1145/380995.380999},
	Volume = {2},
	Year = {2000},
	Bdsk-Url-1 = {http://doi.acm.org.libproxy1.nus.edu.sg/10.1145/380995.380999}}

@inproceedings{supervisedmethods,
	Acmid = {1117609},
	Address = {Stroudsburg, PA, USA},
	Author = {Escudero, Gerard and M\`{a}rquez, Llu\'{\i}s and Rigau, German},
	Booktitle = {Proceedings of the 2nd workshop on Learning language in logic and the 4th conference on Computational natural language learning - Volume 7},
	Date-Added = {2011-03-30 10:44:11 +0800},
	Date-Modified = {2011-03-30 10:44:20 +0800},
	Doi = {http://dx.doi.org.libproxy1.nus.edu.sg/10.3115/1117601.1117609},
	Location = {Lisbon, Portugal},
	Numpages = {6},
	Pages = {31--36},
	Publisher = {Association for Computational Linguistics},
	Series = {ConLL '00},
	Title = {A comparison between supervised learning algorithms for word sense disambiguation},
	Url = {http://dx.doi.org.libproxy1.nus.edu.sg/10.3115/1117601.1117609},
	Year = {2000},
	Bdsk-Url-1 = {http://dx.doi.org.libproxy1.nus.edu.sg/10.3115/1117601.1117609}}

@article{naivebayes,
	Acmid = {1089826},
	Address = {New York, NY, USA},
	Author = {Larsen, Kim},
	Date-Added = {2011-03-30 10:40:12 +0800},
	Date-Modified = {2011-03-30 10:40:19 +0800},
	Doi = {http://doi.acm.org.libproxy1.nus.edu.sg/10.1145/1089815.1089826},
	Issn = {1931-0145},
	Issue = {1},
	Journal = {SIGKDD Explor. Newsl.},
	Month = {June},
	Numpages = {6},
	Pages = {76--81},
	Publisher = {ACM},
	Title = {Generalized Naive Bayes Classifiers},
	Url = {http://doi.acm.org.libproxy1.nus.edu.sg/10.1145/1089815.1089826},
	Volume = {7},
	Year = {2005},
	Bdsk-Url-1 = {http://doi.acm.org.libproxy1.nus.edu.sg/10.1145/1089815.1089826}}

@inproceedings{itmakessense,
	Acmid = {1858947},
	Address = {Morristown, NJ, USA},
	Author = {Zhong, Zhi and Ng, Hwee Tou},
	Booktitle = {Proceedings of the ACL 2010 System Demonstrations},
	Date-Added = {2010-11-05 11:29:01 +0800},
	Date-Modified = {2010-11-05 11:29:46 +0800},
	Location = {Uppsala, Sweden},
	Numpages = {6},
	Pages = {78--83},
	Publisher = {Association for Computational Linguistics},
	Series = {ACL '10},
	Title = {It Makes Sense: A Wide-Coverage Word Sense Disambiguation System for Free Text},
	Url = {http://portal.acm.org.libproxy1.nus.edu.sg/citation.cfm?id=1858933.1858947},
	Year = {2010},
	Bdsk-Url-1 = {http://portal.acm.org.libproxy1.nus.edu.sg/citation.cfm?id=1858933.1858947}}

@article{sleatortarjan,
	Address = {New York, NY, USA},
	Author = {Sleator, Daniel D. and Tarjan, Robert E.},
	Date-Added = {2010-10-14 09:53:25 +0800},
	Date-Modified = {2010-10-14 09:53:32 +0800},
	Doi = {http://doi.acm.org.libproxy1.nus.edu.sg/10.1145/2786.2793},
	Issn = {0001-0782},
	Journal = {Commun. ACM},
	Number = {2},
	Pages = {202--208},
	Publisher = {ACM},
	Title = {Amortized efficiency of list update and paging rules},
	Volume = {28},
	Year = {1985},
	Bdsk-Url-1 = {http://doi.acm.org.libproxy1.nus.edu.sg/10.1145/2786.2793}}

@article{minipar,
	Address = {New York, NY, USA},
	Author = {Lin, Dekang},
	Date-Added = {2010-10-03 00:43:02 +0800},
	Date-Modified = {2010-10-03 00:43:08 +0800},
	Doi = {http://dx.doi.org/10.1017/S1351324998001958},
	Issn = {1351-3249},
	Journal = {Nat. Lang. Eng.},
	Number = {2},
	Pages = {97--114},
	Publisher = {Cambridge University Press},
	Title = {A dependency-based method for evaluating broad-coverage parsers},
	Volume = {4},
	Year = {1998},
	Bdsk-Url-1 = {http://dx.doi.org/10.1017/S1351324998001958}}

@article{hinrich,
	Address = {Cambridge, MA, USA},
	Author = {Sch\"{u}tze, Hinrich},
	Date-Added = {2010-10-02 14:49:56 +0800},
	Date-Modified = {2010-10-02 14:50:02 +0800},
	Issn = {0891-2017},
	Journal = {Comput. Linguist.},
	Number = {1},
	Pages = {97--123},
	Publisher = {MIT Press},
	Title = {Automatic word sense discrimination},
	Volume = {24},
	Year = {1998}}

@inproceedings{michaellesk,
	Address = {New York, NY, USA},
	Author = {Lesk, Michael},
	Booktitle = {SIGDOC '86: Proceedings of the 5th annual international conference on Systems documentation},
	Date-Added = {2010-10-02 10:21:57 +0800},
	Date-Modified = {2010-10-02 10:22:04 +0800},
	Doi = {http://doi.acm.org.libproxy1.nus.edu.sg/10.1145/318723.318728},
	Isbn = {0-89791-224-1},
	Location = {Toronto, Ontario, Canada},
	Pages = {24--26},
	Publisher = {ACM},
	Title = {Automatic sense disambiguation using machine readable dictionaries: how to tell a pine cone from an ice cream cone},
	Year = {1986},
	Bdsk-Url-1 = {http://doi.acm.org.libproxy1.nus.edu.sg/10.1145/318723.318728}}

@article{972726,
	Address = {Cambridge, MA, USA},
	Author = {Leacock, Claudia and Miller, George A. and Chodorow, Martin},
	Date-Added = {2010-09-30 17:42:56 +0800},
	Date-Modified = {2010-09-30 17:42:56 +0800},
	Issn = {0891-2017},
	Journal = {Comput. Linguist.},
	Number = {1},
	Pages = {147--165},
	Publisher = {MIT Press},
	Title = {Using corpus statistics and WordNet relations for sense identification},
	Volume = {24},
	Year = {1998}}

@inproceedings{1837905,
	Address = {New York, NY, USA},
	Author = {Seemakurty, Nitin and Chu, Jonathan and von Ahn, Luis and Tomasic, Anthony},
	Booktitle = {HCOMP '10: Proceedings of the ACM SIGKDD Workshop on Human Computation},
	Date-Added = {2010-09-30 17:42:50 +0800},
	Date-Modified = {2010-09-30 17:42:50 +0800},
	Doi = {http://doi.acm.org.libproxy1.nus.edu.sg/10.1145/1837885.1837905},
	Isbn = {978-1-4503-0222-7},
	Location = {Washington DC},
	Pages = {60--63},
	Publisher = {ACM},
	Title = {Word sense disambiguation via human computation},
	Year = {2010},
	Bdsk-Url-1 = {http://doi.acm.org.libproxy1.nus.edu.sg/10.1145/1837885.1837905}}

@inproceedings{sun,
	Address = {Morristown, NJ, USA},
	Author = {Sun, Le and Xue, Song and Qu, Weimin and Wang, Xiaofeng and Sun, Yufang},
	Booktitle = {COLING '02: Proceedings of the 3rd workshop on Asian language resources and international standardization},
	Date-Added = {2010-09-30 14:43:00 +0800},
	Date-Modified = {2010-09-30 14:43:05 +0800},
	Doi = {http://dx.doi.org/10.3115/1118759.1118770},
	Pages = {1--8},
	Publisher = {Association for Computational Linguistics},
	Title = {Constructing of a large-scale Chinese-English parallel corpus},
	Year = {2002},
	Bdsk-Url-1 = {http://dx.doi.org/10.3115/1118759.1118770}}

@article{Navigli2009,
	Author = {Navigli, Roberto},
	Date-Added = {2010-09-30 14:19:12 +0800},
	Date-Modified = {2010-09-30 14:19:12 +0800},
	Doi = {10.1145/1459352.1459355},
	File = {:Users/lwheng/Dropbox/Papers/a10-navigli.pdf:pdf},
	Issn = {03600300},
	Journal = {ACM Computing Surveys},
	Month = feb,
	Number = {2},
	Pages = {1--69},
	Title = {{Word sense disambiguation}},
	Url = {http://portal.acm.org/citation.cfm?doid=1459352.1459355},
	Volume = {41},
	Year = {2009},
	Bdsk-Url-1 = {http://portal.acm.org/citation.cfm?doid=1459352.1459355},
	Bdsk-Url-2 = {http://dx.doi.org/10.1145/1459352.1459355}}

@article{noisychannel,
	Author = {Yuret, Deniz and Yatbaz, Mehmet Ali},
	Date-Added = {2010-09-30 14:19:12 +0800},
	Date-Modified = {2010-11-11 19:58:02 +0800},
	Doi = {10.1162/coli.2010.36.1.36103},
	File = {:Users/lwheng/Dropbox/Papers/coli.2010.36.1.36103.pdf:pdf},
	Issn = {0891-2017},
	Journal = {Computational Linguistics},
	Month = mar,
	Number = {1},
	Pages = {111--127},
	Title = {{The Noisy Channel Model for Unsupervised Word Sense Disambiguation}},
	Url = {http://www.mitpressjournals.org/doi/abs/10.1162/coli.2010.36.1.36103},
	Volume = {36},
	Year = {2010},
	Bdsk-Url-1 = {http://www.mitpressjournals.org/doi/abs/10.1162/coli.2010.36.1.36103},
	Bdsk-Url-2 = {http://dx.doi.org/10.1162/coli.2010.36.1.36103}}

@article{unsupervised,
	Address = {Morristown, NJ, USA},
	Author = {Chen Ping, Ding Wei, Chris Bowes & David Brown},
	Date-Added = {2010-09-30 14:19:12 +0800},
	Date-Modified = {2011-03-29 11:29:06 +0800},
	Doi = {10.3115/1620754.1620759},
	File = {:Users/lwheng/Dropbox/Papers/p28-chen.pdf:pdf},
	Isbn = {9781932432411},
	Journal = {Proceedings of Human Language Technologies: The 2009 Annual Conference of the North American Chapter of the Association for Computational Linguistics on - NAACL '09},
	Number = {June},
	Pages = {28},
	Publisher = {Association for Computational Linguistics},
	Title = {{A fully unsupervised word sense disambiguation method using dependency knowledge}},
	Url = {http://portal.acm.org/citation.cfm?doid=1620754.1620759},
	Year = {2009},
	Bdsk-Url-1 = {http://portal.acm.org/citation.cfm?doid=1620754.1620759},
	Bdsk-Url-2 = {http://dx.doi.org/10.3115/1620754.1620759}}

@article{Dang2002,
	Address = {Morristown, NJ, USA},
	Author = {Dang, Hoa Trang and Chia, Ching-yi and Palmer, Martha and Chiou, Fu-Dong},
	Date-Added = {2010-09-30 14:19:12 +0800},
	Date-Modified = {2010-09-30 14:19:12 +0800},
	Doi = {10.3115/1072228.1072371},
	File = {:Users/lwheng/Dropbox/Papers/p143-dang.pdf:pdf},
	Journal = {Proceedings of the 19th international conference on Computational linguistics -},
	Pages = {1--7},
	Publisher = {Association for Computational Linguistics},
	Title = {{Simple features for Chinese word sense disambiguation}},
	Url = {http://portal.acm.org/citation.cfm?doid=1072228.1072371},
	Volume = {2},
	Year = {2002},
	Bdsk-Url-1 = {http://portal.acm.org/citation.cfm?doid=1072228.1072371},
	Bdsk-Url-2 = {http://dx.doi.org/10.3115/1072228.1072371}}

@inproceedings{Zhong2008,
	Author = {Zhong, Zhi and Ng, H.T. and Chan, Y.S.},
	Booktitle = {Proceedings of the Conference on Empirical Methods in Natural Language Processing},
	Date-Added = {2010-09-30 14:19:12 +0800},
	Date-Modified = {2010-09-30 14:19:12 +0800},
	File = {:Users/lwheng/Dropbox/Papers/p1002-zhong.pdf:pdf},
	Number = {October},
	Pages = {1002--1010},
	Publisher = {Association for Computational Linguistics},
	Title = {{Word sense disambiguation using OntoNotes: An empirical study}},
	Url = {http://portal.acm.org/citation.cfm?id=1613845\&amp;dl=},
	Year = {2008},
	Bdsk-Url-1 = {http://portal.acm.org/citation.cfm?id=1613845%5C&amp;dl=}}

@inproceedings{Mihalcea2007,
	Author = {Mihalcea, Rada},
	Booktitle = {Proceedings of NAACL HLT},
	Date-Added = {2010-09-30 14:19:12 +0800},
	Date-Modified = {2010-09-30 14:19:12 +0800},
	File = {:Users/lwheng/Dropbox/Papers/paper2.pdf:pdf},
	Number = {April},
	Pages = {196--203},
	Title = {{Using wikipedia for automatic word sense disambiguation}},
	Url = {http://acl.ldc.upenn.edu/N/N07/N07-1025.pdf},
	Volume = {2007},
	Year = {2007},
	Bdsk-Url-1 = {http://acl.ldc.upenn.edu/N/N07/N07-1025.pdf}}

@inproceedings{Lefever2009,
	Author = {Lefever, Els and Hoste, Veronique},
	Booktitle = {Proceedings of the Workshop on Semantic Evaluations: Recent Achievements and Future Directions},
	Date-Added = {2010-09-30 14:19:12 +0800},
	Date-Modified = {2010-09-30 14:19:12 +0800},
	File = {:Users/lwheng/Dropbox/Papers/paper3.pdf:pdf},
	Number = {June 2009},
	Pages = {82--87},
	Publisher = {Association for Computational Linguistics},
	Title = {{Semeval-2010 task 3: Cross-lingual word sense disambiguation}},
	Url = {http://portal.acm.org/citation.cfm?id=1621984},
	Year = {2009},
	Bdsk-Url-1 = {http://portal.acm.org/citation.cfm?id=1621984}}

@article{Yarowsky1995,
	Address = {Morristown, NJ, USA},
	Author = {Yarowsky, David},
	Date-Added = {2010-09-30 14:19:12 +0800},
	Date-Modified = {2010-09-30 14:19:12 +0800},
	Doi = {10.3115/981658.981684},
	File = {:Users/lwheng/Dropbox/Papers/jonas\_nina.pdf:pdf},
	Journal = {Proceedings of the 33rd annual meeting on Association for Computational Linguistics -},
	Pages = {189--196},
	Publisher = {Association for Computational Linguistics},
	Title = {{Unsupervised word sense disambiguation rivaling supervised methods}},
	Url = {http://portal.acm.org/citation.cfm?doid=981658.981684},
	Year = {1995},
	Bdsk-Url-1 = {http://portal.acm.org/citation.cfm?doid=981658.981684},
	Bdsk-Url-2 = {http://dx.doi.org/10.3115/981658.981684}}

@article{inforetrieve,
	Author = {Kobayashi, Mei and Takeda, Koichi},
	Date-Added = {2010-09-30 14:19:12 +0800},
	Date-Modified = {2010-09-30 14:19:12 +0800},
	Doi = {10.1145/358923.358934},
	File = {:Users/lwheng/Dropbox/Papers/p144-kobayashi.pdf:pdf},
	Issn = {03600300},
	Journal = {ACM Computing Surveys},
	Month = jun,
	Number = {2},
	Pages = {144--173},
	Title = {{Information retrieval on the web}},
	Url = {http://portal.acm.org/citation.cfm?doid=358923.358934},
	Volume = {32},
	Year = {2000},
	Bdsk-Url-1 = {http://portal.acm.org/citation.cfm?doid=358923.358934},
	Bdsk-Url-2 = {http://dx.doi.org/10.1145/358923.358934}}

@article{Bikel2000,
	Address = {Morristown, NJ, USA},
	Author = {Bikel, Daniel M.},
	Date-Added = {2010-09-30 14:19:12 +0800},
	Date-Modified = {2010-09-30 14:19:12 +0800},
	Doi = {10.3115/1117794.1117814},
	File = {:Users/lwheng/Dropbox/Papers/p155-bikel.pdf:pdf},
	Journal = {Proceedings of the 2000 Joint SIGDAT conference on Empirical methods in natural language processing and very large corpora held in conjunction with the 38th Annual Meeting of the Association for Computational Linguistics -},
	Pages = {155--163},
	Publisher = {Association for Computational Linguistics},
	Title = {{A statistical model for parsing and word-sense disambiguation}},
	Url = {http://portal.acm.org/citation.cfm?doid=1117794.1117814},
	Year = {2000},
	Bdsk-Url-1 = {http://portal.acm.org/citation.cfm?doid=1117794.1117814},
	Bdsk-Url-2 = {http://dx.doi.org/10.3115/1117794.1117814}}

@inproceedings{Brown1991,
	Author = {Brown, P.F. and Pietra, S.A.D. and Pietra, V.J.D. and Mercer, R.L.},
	Booktitle = {Proceedings of the 29th annual meeting on Association for Computational Linguistics},
	Date-Added = {2010-09-30 14:19:12 +0800},
	Date-Modified = {2010-09-30 14:19:12 +0800},
	File = {:Users/lwheng/Dropbox/Papers/p264-brown.pdf:pdf},
	Pages = {264--270},
	Publisher = {Association for Computational Linguistics},
	Title = {{Word-sense disambiguation using statistical methods}},
	Url = {http://portal.acm.org/citation.cfm?id=981344.981378},
	Year = {1991},
	Bdsk-Url-1 = {http://portal.acm.org/citation.cfm?id=981344.981378}}

@inproceedings{Tratz2007,
	Author = {Tratz, Stephen and Sanfilippo, Antonio and Gregory, Michelle and Chappell, Alan and Posse, C. and Whitney, Paul},
	Booktitle = {Proceedings of the 4th International Workshop on Semantic Evaluations},
	Date-Added = {2010-09-30 14:19:12 +0800},
	Date-Modified = {2010-09-30 14:19:12 +0800},
	File = {:Users/lwheng/Dropbox/Papers/p264-tratz.pdf:pdf},
	Number = {June},
	Pages = {264--267},
	Publisher = {Association for Computational Linguistics},
	Title = {{PNNL: a supervised maximum entropy approach to word sense disambiguation}},
	Url = {http://portal.acm.org/citation.cfm?id=1621531},
	Year = {2007},
	Bdsk-Url-1 = {http://portal.acm.org/citation.cfm?id=1621531}}

@article{Basile2007,
	Author = {Basile, P and Gemmis, M De and Gentile, A L and Lops, P and Semeraro, G},
	Date-Added = {2010-09-30 14:19:12 +0800},
	Date-Modified = {2010-09-30 14:19:12 +0800},
	File = {:Users/lwheng/Dropbox/Papers/p398-basile.pdf:pdf},
	Journal = {Computational Linguistics},
	Number = {June},
	Pages = {398--401},
	Title = {{UNIBA : JIGSAW algorithm for Word Sense Disambiguation}},
	Year = {2007}}

@article{Liu2005,
	Address = {New York, New York, USA},
	Author = {Liu, Shuang and Yu, Clement and Meng, Weiyi},
	Date-Added = {2010-09-30 14:19:12 +0800},
	Date-Modified = {2010-09-30 14:19:12 +0800},
	Doi = {10.1145/1099554.1099696},
	File = {:Users/lwheng/Dropbox/Papers/p525-liu.pdf:pdf},
	Isbn = {1595931406},
	Journal = {Proceedings of the 14th ACM international conference on Information and knowledge management - CIKM '05},
	Pages = {525},
	Publisher = {ACM Press},
	Title = {{Word sense disambiguation in queries}},
	Url = {http://portal.acm.org/citation.cfm?doid=1099554.1099696},
	Year = {2005},
	Bdsk-Url-1 = {http://portal.acm.org/citation.cfm?doid=1099554.1099696},
	Bdsk-Url-2 = {http://dx.doi.org/10.1145/1099554.1099696}}

@article{Wang2010,
	Author = {Wang, A. and Hoang, C.D.V. and Kan, M.Y.},
	Date-Added = {2010-09-30 14:19:12 +0800},
	Date-Modified = {2010-09-30 14:19:12 +0800},
	File = {:Users/lwheng/Dropbox/Papers/acl2010.pdf:pdf},
	Publisher = {; TRB7/10},
	Title = {{Perspectives on Crowdsourcing Annotations for Natural Language Processing}},
	Url = {http://dl.comp.nus.edu.sg/dspace/handle/1900.100/3266},
	Year = {2010},
	Bdsk-Url-1 = {http://dl.comp.nus.edu.sg/dspace/handle/1900.100/3266}}

@article{Yang2003,
	Author = {Yang, Christopher C. and Li, Kar Wing},
	Date-Added = {2010-09-30 13:51:49 +0800},
	Date-Modified = {2010-09-30 13:51:49 +0800},
	Doi = {10.1002/asi.10261},
	File = {:users/lwheng/Downloads/10.1.1.106.7077.pdf:pdf},
	Issn = {1532-2882},
	Journal = {Journal of the American Society for Information Science and Technology},
	Month = jun,
	Number = {8},
	Pages = {730--742},
	Title = {{Automatic construction of English/Chinese parallel corpora}},
	Url = {http://doi.wiley.com/10.1002/asi.10261},
	Volume = {54},
	Year = {2003},
	Bdsk-Url-1 = {http://doi.wiley.com/10.1002/asi.10261},
	Bdsk-Url-2 = {http://dx.doi.org/10.1002/asi.10261}}

@article{Baobao2004,
	Author = {Baobao, Chang},
	Date-Added = {2010-09-30 13:51:42 +0800},
	Date-Modified = {2010-09-30 13:51:42 +0800},
	File = {:users/lwheng/Downloads/Y04-1030.pdf:pdf},
	Journal = {Computational Linguistics},
	Pages = {283--290},
	Title = {{Chinese-English Parallel Corpus Construction and its Application}},
	Year = {2004}}

@article{Dalianis,
	Author = {Dalianis, Hercules and Xing, Hao-chun and Zhang, Xin},
	Date-Added = {2010-09-30 13:51:34 +0800},
	Date-Modified = {2010-09-30 13:51:34 +0800},
	File = {:users/lwheng/Downloads/LREC-2010-Dalianis.pdf:pdf},
	Journal = {Word Journal Of The International Linguistic Association},
	Keywords = {LREC 2010},
	Pages = {1700--1705},
	Title = {{Creating a Reusable English-Chinese Parallel Corpus for Bilingual Dictionary Construction}}}

@inproceedings{weaver,
	Author = {Warren Weaver},
	Booktitle = {Mimeographed},
	Date-Added = {2010-09-29 15:37:24 +0800},
	Date-Modified = {2010-09-29 15:37:29 +0800},
	Pages = {15--23},
	Publisher = {MIT Press},
	Title = {Translation},
	Year = {1949}}

@article{yarowsky,
	Address = {New York, NY, USA},
	Author = {Yarowsky, David and Florian, Radu},
	Date-Added = {2010-09-29 09:07:41 +0800},
	Date-Modified = {2010-09-29 09:08:27 +0800},
	Doi = {http://dx.doi.org/10.1017/S135132490200298X},
	Issn = {1351-3249},
	Journal = {Nat. Lang. Eng.},
	Number = {4},
	Pages = {293--310},
	Publisher = {Cambridge University Press},
	Title = {Evaluating sense disambiguation across diverse parameter spaces},
	Volume = {8},
	Year = {2002},
	Bdsk-Url-1 = {http://dx.doi.org/10.1017/S135132490200298X}}

@inproceedings{parallel,
	Address = {Morristown, NJ, USA},
	Author = {Diab, Mona and Resnik, Philip},
	Booktitle = {ACL '02: Proceedings of the 40th Annual Meeting on Association for Computational Linguistics},
	Date-Added = {2010-09-29 07:00:01 +0800},
	Date-Modified = {2010-09-29 09:19:37 +0800},
	Doi = {http://dx.doi.org/10.3115/1073083.1073126},
	Location = {Philadelphia, Pennsylvania},
	Pages = {255--262},
	Publisher = {Association for Computational Linguistics},
	Title = {An unsupervised method for word sense tagging using parallel corpora},
	Year = {2002},
	Bdsk-Url-1 = {http://dx.doi.org/10.3115/1073083.1073126}}

@inproceedings{981378,
	Address = {Morristown, NJ, USA},
	Author = {Brown, Peter F. and Pietra, Stephen A. Della and Pietra, Vincent J. Della and Mercer, Robert L.},
	Booktitle = {Proceedings of the 29th annual meeting on Association for Computational Linguistics},
	Date-Added = {2010-09-29 06:50:21 +0800},
	Date-Modified = {2010-09-29 06:50:21 +0800},
	Doi = {http://dx.doi.org.libproxy1.nus.edu.sg/10.3115/981344.981378},
	Location = {Berkeley, California},
	Pages = {264--270},
	Publisher = {Association for Computational Linguistics},
	Title = {Word-sense disambiguation using statistical methods},
	Year = {1991},
	Bdsk-Url-1 = {http://dx.doi.org.libproxy1.nus.edu.sg/10.3115/981344.981378}}

@inproceedings{1117814,
	Address = {Morristown, NJ, USA},
	Author = {Bikel, Daniel M.},
	Booktitle = {Proceedings of the 2000 Joint SIGDAT conference on Empirical methods in natural language processing and very large corpora},
	Date-Added = {2010-09-29 06:48:06 +0800},
	Date-Modified = {2010-09-29 06:48:06 +0800},
	Doi = {http://dx.doi.org.libproxy1.nus.edu.sg/10.3115/1117794.1117814},
	Location = {Hong Kong},
	Pages = {155--163},
	Publisher = {Association for Computational Linguistics},
	Title = {A statistical model for parsing and word-sense disambiguation},
	Year = {2000},
	Bdsk-Url-1 = {http://dx.doi.org.libproxy1.nus.edu.sg/10.3115/1117794.1117814}}

@book{wordnet,
	Abstract = {WordNet, an electronic lexical database, is considered to be the most important resource available to researchers in computational linguistics, text analysis, and many related areas. Its design is inspired by current psycholinguistic and computational theories of human lexical memory. English nouns, verbs, adjectives, and adverbs are organized into synonym sets, each representing one underlying lexicalized concept. Different relations link the synonym sets.

The purpose of this volume is twofold. First, it discusses the design of WordNet and the theoretical motivations behind it. Second, it provides a survey of representative applications, including word sense identification, information retrieval, selectional preferences of verbs, and lexical chains.},
	Added-At = {2008-10-29T11:57:52.000+0100},
	Address = {Cambridge, MA ; London},
	Biburl = {http://www.bibsonomy.org/bibtex/22e282d8bb3aa81b255b179c0772b3bf7/robo},
	Date-Added = {2010-09-29 05:40:27 +0800},
	Date-Modified = {2010-09-29 05:40:32 +0800},
	Editor = {Christiane Fellbaum},
	Interhash = {42daa1681607dd1d3f3234c605d84ec3},
	Intrahash = {2e282d8bb3aa81b255b179c0772b3bf7},
	Isbn = {978-0-262-06197-1},
	Keywords = {database electronical lexical wismasys0809 wordnet},
	Month = May,
	Publisher = {The MIT Press},
	Title = {WordNet An Electronic Lexical Database},
	Url = {http://mitpress.mit.edu/catalog/item/default.asp?ttype=2&tid=8106},
	Year = 1998,
	Bdsk-Url-1 = {http://mitpress.mit.edu/catalog/item/default.asp?ttype=2&tid=8106}}

@inproceedings{mt,
	Address = {Morristown, NJ, USA},
	Author = {Slocum, Jonathan},
	Booktitle = {Proceedings of the 10th international conference on Computational linguistics},
	Date-Added = {2010-09-29 05:24:03 +0800},
	Date-Modified = {2010-09-29 05:24:12 +0800},
	Doi = {http://dx.doi.org.libproxy1.nus.edu.sg/10.3115/980431.980607},
	Location = {Stanford, California},
	Pages = {546--561},
	Publisher = {Association for Computational Linguistics},
	Title = {Machine Translation: its history, current status, and future prospects},
	Year = {1984},
	Bdsk-Url-1 = {http://dx.doi.org.libproxy1.nus.edu.sg/10.3115/980431.980607}}

@article{gutenberg,
	Address = {Wilton, CT, USA},
	Author = {Hart, Michael S.},
	Date-Added = {2010-09-29 04:42:25 +0800},
	Date-Modified = {2010-09-29 04:42:32 +0800},
	Issn = {0162-4105},
	Journal = {Database},
	Number = {6},
	Pages = {6--9},
	Publisher = {Online Inc.},
	Title = {Project Gutenberg: access to electronic texts},
	Volume = {13},
	Year = {1990}}

@inproceedings{exemplar,
	Address = {Morristown, NJ, USA},
	Author = {Ng, Hwee Tou and Lee, Hian Beng},
	Booktitle = {Proceedings of the 34th annual meeting on Association for Computational Linguistics},
	Date-Added = {2010-09-28 23:40:36 +0800},
	Date-Modified = {2010-09-28 23:40:43 +0800},
	Doi = {http://dx.doi.org/10.3115/981863.981869},
	Location = {Santa Cruz, California},
	Pages = {40--47},
	Publisher = {Association for Computational Linguistics},
	Title = {Integrating multiple knowledge sources to disambiguate word sense: an exemplar-based approach},
	Year = {1996},
	Bdsk-Url-1 = {http://dx.doi.org/10.3115/981863.981869}}

@inproceedings{jigsaw,
	Address = {Morristown, NJ, USA},
	Author = {Basile, P. and de Gemmis, M. and Gentile, A. L. and Lops, P. and Semeraro, G.},
	Booktitle = {SemEval '07: Proceedings of the 4th International Workshop on Semantic Evaluations},
	Date-Added = {2010-09-28 20:25:53 +0800},
	Date-Modified = {2010-09-28 20:25:58 +0800},
	Location = {Prague, Czech Republic},
	Pages = {398--401},
	Publisher = {Association for Computational Linguistics},
	Title = {UNIBA: JIGSAW algorithm for word sense disambiguation},
	Year = {2007}}

@inproceedings{monolingual,
	Address = {Morristown, NJ, USA},
	Author = {Guo, Weiwei and Diab, Mona T.},
	Booktitle = {DEW '09: Proceedings of the Workshop on Semantic Evaluations: Recent Achievements and Future Directions},
	Date-Added = {2010-09-28 20:25:21 +0800},
	Date-Modified = {2010-09-28 20:25:28 +0800},
	Isbn = {978-1-932432-31-2},
	Location = {Boulder, Colorado},
	Pages = {64--69},
	Publisher = {Association for Computational Linguistics},
	Title = {Improvements to monolingual English word sense disambiguation},
	Year = {2009}}

@inproceedings{wsdqueries,
	Address = {New York, NY, USA},
	Author = {Liu, Shuang and Yu, Clement and Meng, Weiyi},
	Booktitle = {CIKM '05: Proceedings of the 14th ACM international conference on Information and knowledge management},
	Date-Added = {2010-09-28 20:02:41 +0800},
	Date-Modified = {2010-09-28 20:02:52 +0800},
	Doi = {http://doi.acm.org.libproxy1.nus.edu.sg/10.1145/1099554.1099696},
	Isbn = {1-59593-140-6},
	Location = {Bremen, Germany},
	Pages = {525--532},
	Publisher = {ACM},
	Title = {Word sense disambiguation in queries},
	Year = {2005},
	Bdsk-Url-1 = {http://doi.acm.org.libproxy1.nus.edu.sg/10.1145/1099554.1099696}}

@inproceedings{supervised,
	Address = {Morristown, NJ, USA},
	Author = {Tratz, Stephen and Sanfilippo, Antonio and Gregory, Michelle and Chappell, Alan and Posse, Christian and Whitney, Paul},
	Booktitle = {SemEval '07: Proceedings of the 4th International Workshop on Semantic Evaluations},
	Date-Added = {2010-09-27 19:40:38 +0800},
	Date-Modified = {2010-09-27 19:40:43 +0800},
	Location = {Prague, Czech Republic},
	Pages = {264--267},
	Publisher = {Association for Computational Linguistics},
	Title = {PNNL: a supervised maximum entropy approach to word sense disambiguation},
	Year = {2007}}

@inproceedings{simpleFeature,
	Address = {Morristown, NJ, USA},
	Author = {Dang, Hoa Trang and Chia, Ching-yi and Palmer, Martha and Chiou, Fu-Dong},
	Booktitle = {Proceedings of the 19th international conference on Computational linguistics},
	Date-Added = {2010-09-27 14:57:57 +0800},
	Date-Modified = {2010-09-27 15:04:23 +0800},
	Doi = {http://dx.doi.org.libproxy1.nus.edu.sg/10.3115/1072228.1072371},
	Location = {Taipei, Taiwan},
	Pages = {1--7},
	Publisher = {Association for Computational Linguistics},
	Title = {Simple features for Chinese word sense disambiguation},
	Year = {2002},
	Bdsk-Url-1 = {http://dx.doi.org.libproxy1.nus.edu.sg/10.3115/1072228.1072371}}

@inproceedings{pseudoword,
	Address = {Morristown, NJ, USA},
	Author = {Lu, Zhimao and Wang, Haifeng and Yao, Jianmin and Liu, Ting and Li, Sheng},
	Booktitle = {ACL-44: Proceedings of the 21st International Conference on Computational Linguistics and the 44th annual meeting of the Association for Computational Linguistics},
	Date-Added = {2010-09-27 14:53:05 +0800},
	Date-Modified = {2010-09-27 15:03:40 +0800},
	Doi = {http://dx.doi.org.libproxy1.nus.edu.sg/10.3115/1220175.1220233},
	Location = {Sydney, Australia},
	Pages = {457--464},
	Publisher = {Association for Computational Linguistics},
	Title = {An equivalent pseudoword solution to Chinese word sense disambiguation},
	Year = {2006},
	Bdsk-Url-1 = {http://dx.doi.org.libproxy1.nus.edu.sg/10.3115/1220175.1220233}}

@article{noisy,
	Address = {Cambridge, MA, USA},
	Author = {Yuret, Deniz and Yatbaz, Mehmet Ali},
	Date-Added = {2010-09-27 14:52:19 +0800},
	Date-Modified = {2010-09-29 04:22:16 +0800},
	Doi = {http://dx.doi.org.libproxy1.nus.edu.sg/10.1162/coli.2010.36.1.36103},
	Issn = {0891-2017},
	Journal = {Comput. Linguist.},
	Number = {1},
	Pages = {111--127},
	Publisher = {MIT Press},
	Title = {The noisy channel model for unsupervised word sense disambiguation},
	Volume = {36},
	Year = {2010},
	Bdsk-Url-1 = {http://dx.doi.org.libproxy1.nus.edu.sg/10.1162/coli.2010.36.1.36103}}

@inproceedings{wsdOntoNotes,
	Address = {Morristown, NJ, USA},
	Author = {Zhong, Zhi and Ng, Hwee Tou and Chan, Yee Seng},
	Booktitle = {EMNLP '08: Proceedings of the Conference on Empirical Methods in Natural Language Processing},
	Date-Added = {2010-09-27 14:51:45 +0800},
	Date-Modified = {2010-09-27 15:06:27 +0800},
	Location = {Honolulu, Hawaii},
	Pages = {1002--1010},
	Publisher = {Association for Computational Linguistics},
	Title = {Word sense disambiguation using OntoNotes: an empirical study},
	Year = {2008}}

@article{wsdSurvey,
	Address = {New York, NY, USA},
	Author = {Navigli, Roberto},
	Date-Modified = {2010-09-27 15:06:21 +0800},
	Doi = {http://doi.acm.org.libproxy1.nus.edu.sg/10.1145/1459352.1459355},
	Issn = {0360-0300},
	Journal = {ACM Comput. Surv.},
	Number = {2},
	Pages = {1--69},
	Publisher = {ACM},
	Title = {Word sense disambiguation: A survey},
	Volume = {41},
	Year = {2009},
	Bdsk-Url-1 = {http://doi.acm.org.libproxy1.nus.edu.sg/10.1145/1459352.1459355}}

@inproceedings{crosslingual,
	Address = {Morristown, NJ, USA},
	Author = {Lefever, Els and Hoste, Veronique},
	Booktitle = {DEW '09: Proceedings of the Workshop on Semantic Evaluations: Recent Achievements and Future Directions},
	Date-Added = {2010-09-16 00:33:58 +0800},
	Date-Modified = {2010-09-30 13:42:45 +0800},
	Isbn = {978-1-932432-31-2},
	Location = {Boulder, Colorado},
	Pages = {82--87},
	Publisher = {Association for Computational Linguistics},
	Title = {SemEval-2010 task 3: cross-lingual word sense disambiguation},
	Year = {2009}}

@inproceedings{lesk,
	Address = {London, UK},
	Author = {Banerjee, Satanjeev and Pedersen, Ted},
	Booktitle = {CICLing '02: Proceedings of the Third International Conference on Computational Linguistics and Intelligent Text Processing},
	Date-Modified = {2010-09-27 15:03:25 +0800},
	Isbn = {3-540-43219-1},
	Pages = {136--145},
	Publisher = {Springer-Verlag},
	Title = {An Adapted Lesk Algorithm for Word Sense Disambiguation Using WordNet},
	Year = {2002}}

@inproceedings{wikipedia,
	Author = {Mihalcea, Rada},
	Citeulike-Article-Id = {2658956},
	Citeulike-Linkout-0 = {http://www.cs.unt.edu/\~{}rada/papers/mihalcea.naacl07.pdf},
	Date-Modified = {2010-09-16 00:30:28 +0800},
	Institution = {University of North Texas},
	Keywords = {wikipedia, word\_sense\_disambiguation},
	Posted-At = {2008-04-11 22:53:59},
	Priority = {2},
	Title = {Using Wikipedia for Automatic Word Sense Disambiguation},
	Url = {http://www.cs.unt.edu/\~{}rada/papers/mihalcea.naacl07.pdf},
	Year = {2008},
	Bdsk-Url-1 = {http://www.cs.unt.edu/%5C~%7B%7Drada/papers/mihalcea.naacl07.pdf}}

@inproceedings{pederson,
	Acmid = {1073347},
	Address = {Stroudsburg, PA, USA},
	Author = {Pedersen, Ted},
	Booktitle = {Proceedings of the second meeting of the North American Chapter of the Association for Computational Linguistics on Language technologies},
	Date-Modified = {2011-03-27 15:29:16 +0800},
	Doi = {http://dx.doi.org.libproxy1.nus.edu.sg/10.3115/1073336.1073347},
	Location = {Pittsburgh, Pennsylvania},
	Numpages = {8},
	Pages = {1--8},
	Publisher = {Association for Computational Linguistics},
	Series = {NAACL '01},
	Title = {A decision tree of bigrams is an accurate predictor of word sense},
	Url = {http://dx.doi.org.libproxy1.nus.edu.sg/10.3115/1073336.1073347},
	Year = {2001},
	Bdsk-Url-1 = {http://dx.doi.org.libproxy1.nus.edu.sg/10.3115/1073336.1073347}}
